@article{nash1950equilibrium,
  title={Equilibrium points in n-person games},
  author={{Nash}, John F and others},
  journal={Proceedings of the national academy of sciences},
  volume={36},
  number={1},
  pages={48--49},
  year={1950},
  publisher={USA}
}

@book{hofbauer_sigmund_1998,
    place={Cambridge},
    title={Evolutionary Games and Population Dynamics},
    DOI={10.1017/CBO9781139173179},
    publisher={Cambridge University Press},
    author={{Hofbauer}, Josef and {Sigmund}, Karl},
    year={1998},
    pages={57-85}
}
    
@inbook{starr_2011, place={Cambridge},
    edition={2}, title={The Brouwer Fixed-Point Theorem},
    DOI={10.1017/CBO9780511975356.014},
    booktitle={General Equilibrium Theory: An Introduction},
    publisher={Cambridge University Press},
    author={{Starr}, Ross M.},
    year={2011},
    pages={99–108}
}

@ARTICLE{madeo2015,
    author={D. {Madeo} and C. {Mocenni}},
    journal={IEEE Transactions on Automatic Control}, 
    title={Game Interactions and Dynamics on Networked Populations}, 
    year={2015},
    volume={60},
    number={7},
    pages={1801-1810},
    doi={10.1109/TAC.2014.2384755}
}

@book{weibull1997evolutionary,
  title={Evolutionary game theory},
  author={{Weibull}, J{\"o}rgen W},
  year={1997},
  publisher={MIT press}
}

@book{webb2007game,
  title={Game theory: decisions, interaction and Evolution},
  author={{Webb}, James N},
  year={2007},
  publisher={Springer Science \& Business Media}
}

@InCollection{sep-game-evolutionary,
	author       =	{{Alexander}, J. McKenzie},
	title        =	{{Evolutionary Game Theory}},
	booktitle    =	{The {Stanford} Encyclopedia of Philosophy},
	editor       =	{Edward N. Zalta},
	howpublished =	{\url{https://plato.stanford.edu/archives/sum2019/entries/game-evolutionary/}},
	year         =	{2019},
	edition      =	{Summer 2019},
	publisher    =	{Metaphysics Research Lab, Stanford University}
}

@article{askari2019behavioral,
  title={The behavioral model and game theory},
  author={{Askari}, Gholamreza and {Gordji}, Madjid Eshaghi and {Park}, Choonkil},
  journal={Palgrave Communications},
  volume={5},
  number={1},
  pages={1--8},
  year={2019},
  publisher={Palgrave}
}

@article{sartini2004introduccao,
  title={Uma introdu{\c{c}}{\~a}o {\`a} teoria dos jogos},
  author={{Sartini}, Br{\'\i}gida Alexandre and {Garbugio}, Gilmar and {Bortolossi}, Humberto Jos{\'e} and {Santos}, Polyane Alves and {Barreto}, Larissa Santana},
  journal={Anais da II Bienal da Sociedade Brasileira de Matem{\'a}tica},
  pages={25--29},
  year={2004},
  publisher={UFBa Salvador}
}

@misc{milton2017,
  author        = {{Medeiros}, Adriano A. and {Oliveira}, Milton de L.},
  title         = {Equações Diferenciais Ordinárias},
  pages         = {27--31},
  year          = {2017},
  organization = {Departamento de Matemática, Universidade Federal da Paraíba},
  howpublished = {\url{http://www.mat.ufpb.br/milton/disciplinas/edo/livro_edo.pdf}},
  note = "[Online; acessado em: 05-Abril-2021]"
}

@book{rudin1976principles,
  title={Principles of mathematical analysis},
  author={{Rudin}, Walter and others},
  volume={3},
  year={1976},
  publisher={McGraw-hill New York}
}

@article{smith1973logic,
  title={The logic of animal conflict},
  author={Smith, J Maynard and Price, George R},
  journal={Nature},
  volume={246},
  number={5427},
  pages={15--18},
  year={1973},
  publisher={Nature Publishing Group}
}

@misc{maynardWoS,
  author        = {John {Maynard Smith}},
  title         = {John Maynard Smith's stories},
  year          = {1997},
  organization = {Web of Stories},
  howpublished = {\url{https://www.youtube.com/playlist?list=PLVV0r6CmEsFzJSvAc4MBuUP_GrjO1lLHp}},
  note = "[Online; acessado em: 05-Abril-2021]"
}

@book{smith1982evolution,
  title={Evolution and the Theory of Games},
  author={Smith, John Maynard},
  year={1982},
  publisher={Cambridge university press}
}

@article{taylor1978evolutionary,
  title={Evolutionary stable strategies and game dynamics},
  author={Taylor, Peter D and Jonker, Leo B},
  journal={Mathematical biosciences},
  volume={40},
  number={1-2},
  pages={145--156},
  year={1978},
  publisher={Elsevier}
}

@book{nowak2006evolutionary,
  title={Evolutionary dynamics: exploring the equations of life},
  author={Nowak, Martin A},
  year={2006},
  publisher={Harvard university press}
}

@article{ehrhardt2006diffusion,
  title={Diffusion and growth in an evolving network},
  author={Ehrhardt, George and Marsili, Matteo and Vega-Redondo, Fernando},
  journal={International Journal of Game Theory},
  volume={34},
  number={3},
  pages={383--397},
  year={2006},
  publisher={Springer}
}

@article{tilman2020evolutionary,
  title={Evolutionary games with environmental feedbacks},
  author={Tilman, Andrew R and Plotkin, Joshua B and Ak{\c{c}}ay, Erol},
  journal={Nature communications},
  volume={11},
  number={1},
  pages={1--11},
  year={2020},
  publisher={Nature Publishing Group}
}

@article{kenrick2009deep,
  title={Deep rationality: The evolutionary economics of decision making},
  author={Kenrick, Douglas T and Griskevicius, Vladas and Sundie, Jill M and Li, Norman P and Li, Yexin Jessica and Neuberg, Steven L},
  journal={Social cognition},
  volume={27},
  number={5},
  pages={764--785},
  year={2009},
  publisher={Guilford Press}
}

@misc{Rafael2021,
  author = {Kehl, Rafael Jacobs},
  title = {Fourth order Runge-Kutta method to simulate hyper-rational games in finite networks},
  year = {2021},
  publisher = {GitHub},
  journal = {GitHub repository},
  howpublished = {\url{https://doi.org/10.5281/zenodo.4679700}}
}
